% This file was created with JabRef 2.9b2.
% Encoding: UTF-8

@INPROCEEDINGS{abd05,
  author = {Abd-El-Malek, M. and Courtright II, W.V. and Cranor, C. and Ganger,
	G.R. and Hendricks, J. and Klosterman, A.J. and Mesnier, M. and Prasad,
	M. and Salmon, B. and Sambasivan, R.R. and others},
  title = {{Ursa Minor: Versatile Cluster-based Storage}},
  booktitle = {Proc. of USENIX FAST},
  year = {2005},
  month = {Dec}
}

@ARTICLE{adams12,
  author = {Adams, Ian F. and Storer, Mark W. and Miller, Ethan L.},
  title = {{Analysis of Workload Behavior in Scientific and Historical Long-Term
	Data Repositories}},
  journal = {ACM Trans. on Storage},
  year = {2012},
  volume = {8},
  pages = {6:1--6:27},
  acmid = {2180907},
  address = {New York, NY, USA},
  articleno = {6},
  issn = {1553-3077},
  issue_date = {May 2012},
  numpages = {27},
  publisher = {ACM}
}

@INPROCEEDINGS{agrawal08,
  author = {Agrawal, Nitin and Prabhakaran, Vijayan and Wobber, Ted and Davis,
	John D. and Manasse, Mark and Panigrahy, Rina},
  title = {{Design Tradeoffs for SSD Performance}},
  booktitle = {Proc. of USENIX ATC},
  year = {2008},
  month = {Jun}
}

@INPROCEEDINGS{aguilera05,
  author = {Marcos K. Aguilera and Ramaprabhu Janakiraman},
  title = {{Using Erasure Codes Efficiently for Storage in a Distributed System}},
  booktitle = {Proc. of IEEE DSN},
  year = {2005},
  month = {Jun}
}

@MISC{hdfs_architecture,
  author = {{Apache}},
  title = {{HDFS Architecture Guide}},
  howpublished = {\url{http://hadoop.apache.org/docs/stable1/hdfs_design.html}},
  owner = {jeremy},
  timestamp = {2013.09.09}
}

@INPROCEEDINGS{balakrishnan12,
  author = {Balakrishnan, Mahesh and Malkhi, Dahlia and Prabhakaran, Vijayan
	and Wobber, Ted and Wei, Michael and Davis, John D.},
  title = {{CORFU: A Shared Log Design for Flash Clusters}},
  booktitle = {Proc. of USENIX NSDI},
  year = {2012},
  month = {Apr},
  acmid = {2228300},
  location = {San Jose, CA},
  numpages = {1}
}

@INPROCEEDINGS{bhagwan04,
  author = {Bhagwan, R. and Tati, K. and Cheng, Y.C. and Savage, S. and Voelker,
	G.M.},
  title = {{Total Recall: System Support for Automated Availability Management}},
  booktitle = {Proc. of USENIX NSDI},
  year = {2004},
  month = {Oct}
}

@TECHREPORT{blomer95,
  author = {Johannes Bl{\"o}mer AND Malik Kalfane AND Richard Karp AND Marek
	Karpinski AND Michael Luby AND David Zuckerman},
  title = {{An XOR-based Erasure-resilient Coding Scheme}},
  institution = {International Computer Science Institute, Berkeley, USA},
  year = {1995},
  url = {http://www.cs.uni-paderborn.de/uploads/tx_sibibtex/erasure.pdf}
}

@INPROCEEDINGS{calder11,
  author = {Calder, B. and Wang, J. and Ogus, A. and Nilakantan, N. and Skjolsvold,
	A. and McKelvie, S. and Xu, Y. and Srivastav, S. and Wu, J. and Simitci,
	H. and others},
  title = {{Windows Azure Storage: A Highly Available Cloud Storage Service
	with Strong Consistency}},
  booktitle = {Proc. of ACM SOSP},
  year = {2011},
  month = {Oct}
}

@ARTICLE{cao94,
  author = {Cao, Pei and Lin, Swee Boon and Venkataraman, Shivakumar and Wilkes,
	John},
  title = {{The TickerTAIP Parallel RAID Architecture}},
  journal = {ACM Trans. Comput. Syst.},
  year = {1994},
  volume = {12},
  pages = {236--269},
  acmid = {185517},
  address = {New York, NY, USA},
  issn = {0734-2071},
  issue_date = {Aug. 1994},
  numpages = {34},
  publisher = {ACM},
  url = {http://doi.acm.org/10.1145/185514.185517}
}

@INPROCEEDINGS{chen95,
  author = {Chen, Peter M. and Lee, Edward K.},
  title = {{Striping in a RAID Level 5 Disk Array}},
  booktitle = {Proc. of ACM SIGMETRICS},
  year = {1995}
}

@ARTICLE{chen94,
  author = {Chen, Peter M. and Lee, Edward K. and Gibson, Garth A. and Katz,
	Randy H. and Patterson, David A.},
  title = {{RAID: High-performance, Reliable Secondary Storage}},
  journal = {ACM Comput. Surv.},
  year = {1994},
  volume = {26},
  pages = {145--185},
  number = {2},
  month = {Jun},
  acmid = {176981},
  address = {New York, NY, USA},
  doi = {10.1145/176979.176981},
  issn = {0360-0300},
  issue_date = {June 1994},
  keywords = {RAID, disk array, parallel I/O, redundancy, storage, striping},
  numpages = {41},
  publisher = {ACM},
  url = {http://doi.acm.org/10.1145/176979.176981}
}

@INPROCEEDINGS{chun06,
  author = {Chun, B.G. and Dabek, F. and Haeberlen, A. and Sit, E. and Weatherspoon,
	H. and Kaashoek, M.F. and Kubiatowicz, J. and Morris, R.},
  title = {{Efficient Replica Maintenance for Distributed Storage Systems}},
  booktitle = {Proc. of USENIX NSDI},
  year = {2006},
  month = {May}
}

@MISC{cleversafe,
  author = {Cleversafe},
  howpublished = {\url{http://www.cleversafe.com}}
}

@INPROCEEDINGS{corbett04,
  author = {Corbett, P. and English, B. and Goel, A. and Grcanac, T. and Kleiman,
	S. and Leong, J. and Sankar, S.},
  title = {{Row-Diagonal Parity for Double Disk Failure Correction}},
  booktitle = {Proc. of USENIX FAST},
  year = {2004},
  month = {Mar}
}

@INPROCEEDINGS{dean04,
  author = {Dean, Jeffrey and Ghemawat, Sanjay},
  title = {{MapReduce: Simplified Data Processing on Large Clusters}},
  booktitle = {Proc. of USENIX OSDI},
  year = {2004},
  acmid = {1251264},
  location = {San Francisco, CA},
  numpages = {1}
}

@INPROCEEDINGS{ellard03,
  author = {Daniel Ellard and Jonathan Ledlie and Pia Malkani and Margo Seltzer},
  title = {{Passive NFS Tracing of Email and Research Workloads}},
  booktitle = {Proc. of USENIX FAST},
  year = {2003}
}

@PHDTHESIS{ellard04,
  author = {Ellard, Daniel Joseph},
  title = {{Trace-based Analyses and Optimizations for Network Storage Servers}},
  year = {2004},
  address = {Cambridge, MA, USA},
  note = {AAI3131831},
  advisor = {Seltzer, Margo I.},
  publisher = {Harvard University}
}

@INPROCEEDINGS{fan09,
  author = {Fan, B. and Tantisiriroj, W. and Xiao, L. and Gibson, G.},
  title = {{DiskReduce: RAID for Data-Intensive Scalable Computing}},
  booktitle = {Proc. of Annual Workshop on Petascale Data Storage (PDSW)},
  year = {2009},
  month = {Nov}
}

@INPROCEEDINGS{ford10,
  author = {Daniel Ford and Francois Labelle and Florentina I. Popovici and Murray
	Stokel and Van-Anh Truong and Luiz Barroso and Carrie Grimes and
	Sean Quinlan},
  title = {{Availability in Globally Distributed Storage Systems}},
  booktitle = {Proc. of USENIX OSDI},
  year = {2010},
  month = {Oct}
}

@INPROCEEDINGS{frolund04,
  author = {Svend Fr{\o}lund and Arif Merchant and Yasushi Saito and Susan Spence
	and Alistair Veitch},
  title = {{A Decentralized Algorithm for Erasure-Coded Virtual Disks}},
  booktitle = {Proc. of IEEE DSN},
  year = {2004},
  month = {Jun}
}

@MISC{fuse,
  author = {{FUSE}},
  title = {{Filesystem in Userspace}},
  howpublished = {\url{http://fuse.sourceforge.net/}},
  owner = {windkit},
  timestamp = {2013.03.06}
}

@INPROCEEDINGS{ghemawat03,
  author = {Ghemawat, S. and Gobioff, H. and Leung, S.T.},
  title = {{The Google File System}},
  booktitle = {Proc. of ACM SOSP},
  year = {2003},
  month = {Dec}
}

@MISC{protobuf,
  author = {Google},
  title = {{Google Protocol Buffers}},
  howpublished = {\url{https://code.google.com/p/protobuf/}},
  owner = {windkit},
  timestamp = {2013.03.06}
}

@ARTICLE{hartman95,
  author = {Hartman, John H. and Ousterhout, John K.},
  title = {{The Zebra Striped Network File System}},
  journal = {ACM Trans. Comput. Syst.},
  year = {1995},
  volume = {13},
  pages = {274--310},
  acmid = {210131},
  address = {New York, NY, USA},
  issue_date = {Aug. 1995},
  numpages = {37},
  publisher = {ACM}
}

@TECHREPORT{hendricks06,
  author = {James Hendricks and Raja R. Sambasivan and Shafeeq Sinnamohideen
	and Gregory R. Ganger},
  title = {{Improving Small File Performance in Object-based Storage}},
  institution = {Carnegie Mellon University},
  year = {2006},
  number = {CMU-PDL-06-104},
  month = {May}
}

@ARTICLE{howard88,
  author = {Howard, John H. and Kazar, Michael L. and Menees, Sherri G. and Nichols,
	David A. and Satyanarayanan, M. and Sidebotham, Robert N. and West,
	Michael J.},
  title = {{Scale and Performance in a Distributed File System}},
  journal = {ACM Trans. Comput. Syst.},
  year = {1988},
  volume = {6},
  pages = {51--81},
  acmid = {35059},
  address = {New York, NY, USA},
  issn = {0734-2071},
  issue_date = {Feb. 1988},
  numpages = {31},
  publisher = {ACM}
}

@INPROCEEDINGS{huang12,
  author = {Huang, C. and Simitci, H. and Xu, Y. and Ogus, A. and Calder, B.
	and Gopalan, P. and Li, J. and Yekhanin, S.},
  title = {{Erasure Coding in Windows Azure Storage}},
  booktitle = {Proc. of USENIX ATC},
  year = {2012},
  month = {Jun}
}

@MISC{iozone,
  author = {IOzone},
  title = {{IOzone Filesystem Benchmark}},
  howpublished = {\url{http://www.iozone.org/}},
  owner = {jeremy},
  timestamp = {2013.09.10}
}

@INPROCEEDINGS{jin11,
  author = {Jin, Chao and Feng, Dan and Jiang, Hong and Tian, Lei},
  title = {{RAID6L: A Log-assisted RAID6 Storage Architecture with Improved
	Write Performance}},
  booktitle = {Proc. of IEEE MSST},
  year = {2011},
  added-at = {2013-01-15T00:00:00.000+0100},
  biburl = {http://www.bibsonomy.org/bibtex/2e99563b8848fb29898ecbebe7f7905ad/dblp},
  ee = {http://doi.ieeecomputersociety.org/10.1109/MSST.2011.5937230},
  interhash = {202807fb176d3056b890f53e8044aa07},
  intrahash = {e99563b8848fb29898ecbebe7f7905ad},
  isbn = {978-1-4577-0428-4}
}

@INPROCEEDINGS{khan12,
  author = {Khan, O. and Burns, R. and Plank, J. and Pierce, W. and Huang, C.},
  title = {{Rethinking Erasure Codes for Cloud File Systems: Minimizing I/O
	for Recovery and Degraded Reads}},
  booktitle = {Proc. of USENIX FAST},
  year = {2012},
  month = {Feb}
}

@INPROCEEDINGS{kubiatowicz00,
  author = {Kubiatowicz, J. and Bindel, D. and Chen, Y. and Czerwinski, S. and
	Eaton, P. and Geels, D. and Gummadi, R. and Rhea, S. and Weatherspoon,
	H. and Weimer, W. and Wells, C. and Zhao, B.},
  title = {{OceanStore: An Architecture for Global-Scale Persistent Storage}},
  booktitle = {Proc. of ACM ASPLOS-IX},
  year = {2000},
  month = {Nov}
}

@INPROCEEDINGS{liu09,
  author = {Chuanyi Liu and Yu Gu and Linchun Sun and Bin Yan and Dongsheng Wang},
  title = {{R-ADMAD: High Reliability Provision for Large-Scale De-duplication
	Archival Storage Systems}},
  booktitle = {Proc. of ICS},
  year = {2009},
  month = {June},
  owner = {chintran},
  timestamp = {2012.12.20}
}

@INPROCEEDINGS{ma13,
  author = {Ma, Y. and Nandagopal, T. and Puttaswamy, K.P.N. and Banerjee, S.},
  title = {{An Ensemble of Replication and Erasure Codes for Cloud File Systems}},
  booktitle = {Proc. of IEEE INFOCOM},
  year = {2013},
  month = {Apr}
}

@INPROCEEDINGS{matthews97,
  author = {Matthews, Jeanna Neefe and Roselli, Drew and Costello, Adam M. and
	Wang, Randolph Y. and Anderson, Thomas E.},
  title = {{Improving the Performance of Log-structured File Systems with Adaptive
	Methods}},
  booktitle = {Proc. of ACM SOSP},
  year = {1997},
  month = {Oct},
  acmid = {266700},
  isbn = {0-89791-916-5},
  location = {Saint Malo, France},
  numpages = {14}
}

@INPROCEEDINGS{menon95,
  author = {Menon, J.},
  title = {{A Performance Comparison of RAID-5 and Log-structured Arrays}},
  booktitle = {Proc. of 4th IEEE International Symposium on High Performance Distributed
	Computing (HDPC)},
  year = {1995},
  issn = {1082-8907}
}

@MISC{mongodb,
  author = {{MongoDB, Inc}},
  title = {{MongoDB}},
  howpublished = {\url{http://www.mongodb.org/}},
  owner = {qding},
  quality = {1},
  timestamp = {2014.01.22}
}

@ARTICLE{narayanan08,
  author = {Narayanan, Dushyanth and Donnelly, Austin and Rowstron, Antony},
  title = {{Write Off-loading: Practical Power Management for Enterprise Storage}},
  journal = {ACM Trans. on Storage},
  year = {2008},
  volume = {4},
  pages = {10:1--10:23},
  acmid = {1416949},
  address = {New York, NY, USA},
  articleno = {10},
  issn = {1553-3077},
  issue_date = {November 2008},
  numpages = {23},
  publisher = {ACM}
}

@INPROCEEDINGS{nath06,
  author = {Suman Nath and Haifeng Yu and Phillip B. Gibbons and Srinivasan Seshan},
  title = {{Subtleties in Tolerating Correlated Failures in Wide-area Storage
	Systems}},
  booktitle = {Proc. of USENIX NSDI},
  year = {2006},
  month = {May}
}

@INPROCEEDINGS{ongaro11,
  author = {Ongaro, Diego and Rumble, Stephen M. and Stutsman, Ryan and Ousterhout,
	John and Rosenblum, Mendel},
  title = {{Fast Crash Recovery in RAMCloud}},
  booktitle = {Proc. of ACM SOSP},
  year = {2011},
  month = {Oct},
  acmid = {2043560},
  doi = {10.1145/2043556.2043560},
  isbn = {978-1-4503-0977-6},
  keywords = {crash recovery, main memory databases, scalability, storage systems},
  location = {Cascais, Portugal},
  numpages = {13},
  url = {http://doi.acm.org/10.1145/2043556.2043560}
}

@INPROCEEDINGS{plank09,
  author = {Plank, J.S. and Luo, J. and Schuman, C.D. and Xu, L. and Wilcox-O'Hearn,
	Z.},
  title = {{A Performance Evaluation and Examination of Open-Source Erasure
	Coding Libraries for Storage}},
  booktitle = {Proc. of USENIX FAST},
  year = {2009},
  month = {Feb}
}

@ARTICLE{plank13,
  author = {James S. Plank and Cheng Huang},
  title = {{Erasure Codes for Storage Systems: A Brief Primer}},
  journal = {{;login: the Usenix magazine}},
  year = {2013},
  volume = {38},
  pages = {44-50},
  number = {6},
  month = {Dec}
}

@ARTICLE{reed60,
  author = {Reed, I.S. and Solomon, G.},
  title = {{Polynomial Codes over Certain Finite Fields}},
  journal = {Journal of the Society for Industrial and Applied Mathematics},
  year = {1960},
  volume = {8},
  pages = {300--304},
  number = {2},
  month = {Jun}
}

@INPROCEEDINGS{resch11,
  author = {Jason K. Resch and James S. Plank},
  title = {{AONT-RS: Blending Security and Performance in Dispersed Storage
	Systems}},
  booktitle = {Proc. of USENIX FAST},
  year = {2011},
  month = {Feb}
}

@INPROCEEDINGS{rhea03,
  author = {Sean Rhea and Patrick Eaton and Dennis Geels and Hakim Weatherspoon
	and Ben Zhao and John Kubiatowicz},
  title = {{Pond: the OceanStore Prototype}},
  booktitle = {Proc. of USENIX FAST},
  year = {2003},
  month = {Mar}
}

@INPROCEEDINGS{rodrigues05,
  author = {Rodrigo Rodrigues and Barbara Liskov},
  title = {{High Availability in DHTs: Erasure Coding vs. Replication}},
  booktitle = {Proc. of IPTPS},
  year = {2005},
  month = {Feb},
  owner = {pclee},
  timestamp = {2013.03.10}
}

@ARTICLE{rosenblum92,
  author = {Rosenblum, Mendel and Ousterhout, John K.},
  title = {{The Design and Implementation of a Log-structured File System}},
  journal = {ACM Trans. Comput. Syst.},
  year = {1992},
  volume = {10},
  pages = {26--52},
  acmid = {146943},
  address = {New York, NY, USA},
  doi = {10.1145/146941.146943},
  issn = {0734-2071},
  issue_date = {Feb. 1992},
  keywords = {Unix, disk storage management, fast crash recovery, file system organization,
	file system performance, high write performance, log-structured,
	logging},
  numpages = {27},
  publisher = {ACM},
  url = {http://doi.acm.org/10.1145/146941.146943}
}

@INPROCEEDINGS{sathiamoorthy13,
  author = {Sathiamoorthy, Maheswaran and Asteris, Megasthenis and Papailiopoulos,
	Dimitris S. and Dimakis, Alexandros G. and Vadali, Ramkumar and Chen,
	Scott and Borthakur, Dhruba},
  title = {{XORing Elephants: Novel Erasure Codes for Big Data}},
  booktitle = {Proc. of the VLDB Endowment},
  year = {2013},
  month = {Aug}
}

@MISC{raid_alternatives,
  author = {{SearchStorage}},
  title = {{RAID Alternatives: Will Erasure Codes Rule?}},
  howpublished = {\url{http://searchstorage.techtarget.com/tip/RAID-alternatives-Will-erasure-codes-rule}}
}

@INPROCEEDINGS{seltzer95,
  author = {Seltzer, Margo and Smith, Keith A. and Balakrishnan, Hari and Chang,
	Jacqueline and McMains, Sara and Padmanabhan, Venkata},
  title = {{File System Logging Versus Clustering: A Performance Comparison}},
  booktitle = {Proc. of USENIX 1995 Technical Conference (TCON)},
  year = {1995},
  acmid = {1267432},
  location = {New Orleans, Louisiana},
  numpages = {1}
}

@INPROCEEDINGS{shin13,
  author = {Shin, Ji-Yong and Balakrishnan, Mahesh and Marian, Tudor and Weatherspoon,
	Hakim},
  title = {{Gecko: Contention-oblivious Disk Arrays for Cloud Storage}},
  booktitle = {Proc. of USENIX FAST},
  year = {2013},
  month = {Feb}
}

@ARTICLE{shriver98,
  author = {Shriver, Elizabeth and Merchant, Arif and Wilkes, John},
  title = {{An Analytic Behavior Model for Disk Drives with Readahead Caches
	and Request Reordering}},
  journal = {SIGMETRICS Perform. Eval. Rev.},
  year = {1998},
  volume = {26},
  pages = {182--191},
  number = {1},
  month = jun,
  acmid = {277906},
  address = {New York, NY, USA},
  doi = {10.1145/277858.277906},
  issn = {0163-5999},
  issue_date = {June 1998},
  numpages = {10},
  publisher = {ACM},
  url = {http://doi.acm.org/10.1145/277858.277906}
}

@INPROCEEDINGS{shvachko10,
  author = {Shvachko, K. and Kuang, H. and Radia, S. and Chansler, R.},
  title = {{The Hadoop Distributed File System}},
  booktitle = {Proc. of IEEE MSST},
  year = {2010},
  month = {May}
}

@INPROCEEDINGS{stodolsky93,
  author = {Stodolsky, Daniel and Gibson, Garth and Holland, Mark},
  title = {{Parity Logging Overcoming the Small Write Problem in Redundant Disk
	Arrays}},
  booktitle = {Proc. of the 20th Annual International Symposium on Computer Architecture
	(ISCA)},
  year = {1993},
  month = {May},
  acmid = {165143},
  isbn = {0-8186-3810-9},
  location = {San Diego, California, USA},
  numpages = {12}
}

@INPROCEEDINGS{storer08,
  author = {Storer, Mark W. and Greenan, Kevin M. and Miller, Ethan L. and Voruganti,
	Kaladhar},
  title = {{Pergamum: Replacing Tape with Energy Efficient, Reliable, Disk-based
	Archival Storage}},
  booktitle = {Proc. of USENIX FAST},
  year = {2008},
  month = {Feb},
}

@ARTICLE{thomasian05,
  author = {Thomasian, Alexander},
  title = {{Reconstruct Versus Read-modify Writes in RAID}},
  journal = {Inf. Process. Lett.},
  year = {2005},
  volume = {93},
  pages = {163--168},
  number = {4},
  month = {Feb},
  acmid = {1711021},
  address = {Amsterdam, The Netherlands, The Netherlands},
  doi = {10.1016/j.ipl.2004.10.009},
  issn = {0020-0190},
  issue_date = {28 February 2005},
  keywords = {Clustered RAID, Disk access cost, Performance evaluation, RAID disk
	arrays, RAID5, RAID6, Read-modify writes, Reconstruct writes, Small
	write penalty},
  numpages = {6},
  publisher = {Elsevier North-Holland, Inc.},
  url = {http://dx.doi.org/10.1016/j.ipl.2004.10.009}
}

@MISC{boosttp,
  author = {Threadpool},
  howpublished = {\url{http://threadpool.sf.net/}},
  owner = {windkit},
  timestamp = {2013.03.06}
}

@INPROCEEDINGS{weatherspoon02,
  author = {Hakim Weatherspoon and John D. Kubiatowicz},
  title = {{Erasure Coding Vs. Replication: A Quantitative Comparison}},
  booktitle = {Proc. of IPTPS},
  year = {2002},
  month = {Mar},
  owner = {pclee},
  timestamp = {2013.03.10}
}

@INPROCEEDINGS{weddle07,
  author = {Charles Weddle and Mathew Oldham and Jin Qian and An-i Andy Wang},
  title = {{PARAID: A Gear-Shifting Power-Aware RAID}},
  booktitle = {Proc. of USENIX FAST},
  year = {2007},
  month = {Feb},
}

@INPROCEEDINGS{welch08,
  author = {Welch, Brent and Unangst, Marc and Abbasi, Zainul and Gibson, Garth
	and Mueller, Brian and Small, Jason and Zelenka, Jim and Zhou, Bin},
  title = {{Scalable Performance of the Panasas Parallel File System}},
  booktitle = {Proc. of USENIX FAST},
  year = {2008},
  month = {Feb},
  acmid = {1364815},
  articleno = {2},
  location = {San Jose, California},
  numpages = {17},
  url = {http://dl.acm.org/citation.cfm?id=1364813.1364815}
}

@INPROCEEDINGS{xiang10,
  author = {Xiang, Liping and Xu, Yinlong and Lui, John C.S. and Chang, Qian},
  title = {{Optimal Recovery of Single Disk Failure in RDP Code Storage Systems}},
  booktitle = {Proc. of ACM SIGMETRICS},
  year = {2010},
  month = {Jun},
  acmid = {1811054},
  isbn = {978-1-4503-0038-4}
}

@INPROCEEDINGS{xin03,
  author = {Xin, Qin and Miller, Ethan L. and Schwarz, Thomas and Long, Darrell
	D. E. and Brandt, Scott A. and Litwin, Witold},
  title = {{Reliability Mechanisms for Very Large Storage Systems}},
  booktitle = {Proc. of IEEE MSST},
  year = {2003},
  month = {Apr},
  acmid = {825001},
  isbn = {0-7695-1914-8},
  url = {http://dl.acm.org/citation.cfm?id=824467.825001}
}

@INPROCEEDINGS{zhang12,
  author = {Zhang, Fenghao and Huang, Jianzhong and Xie, Changsheng},
  title = {{Two Efficient Partial-Updating Schemes for Erasure-Coded Storage
	Clusters}},
  booktitle = {Proc. of IEEE Seventh International Conference on Networking, Architecture,
	and Storage (NAS)},
  year = {2012},
  month = {Jun},
  acmid = {2376503},
  isbn = {978-0-7695-4722-0},
  numpages = {10},
  url = {http://dx.doi.org/10.1109/NAS.2012.7}
}

@comment{jabref-meta: selector_publisher:}

@comment{jabref-meta: selector_author:}

@comment{jabref-meta: selector_journal:}

@comment{jabref-meta: selector_keywords:}

